@article{Zhu:1997:SUT:267580.267590,
 author = {Zhu, Hong and Hall, Patrick A. V. and May, John H. R.},
 title = {Software unit test coverage and adequacy},
 journal = {ACM Comput. Surv.},
 volume = {29},
 issue = {4},
 month = {December},
 year = {1997},
 issn = {0360-0300},
 pages = {366--427},
 numpages = {62},
 url = {http://doi.acm.org/10.1145/267580.267590},
 doi = {http://doi.acm.org/10.1145/267580.267590},
 acmid = {267590},
 publisher = {ACM},
 address = {New York, NY, USA},
 keywords = {comparing testing effectiveness, fault detection, software unit test, test adequacy criteria, test coverage, testing methods}
}
@book{Dahl:1972:SP:1243380,
 editor = {Dahl, O. J. and Dijkstra, E. W. and Hoare, C. A. R.},
 title = {Structured programming},
 year = {1972},
 isbn = {0-12-200550-3},
 source = {Library of Congress Catalog Card Number: 72-84452},
 publisher = {Academic Press Ltd.},
 address = {London, UK, UK},
 pages={4,5,6}
} 
@book{dijkstra1970notes,
  title={Notes on structured programming},
  author={Dijkstra, E.W. and Dijkstra, E.W. and Dijkstra, E.W.},
  year={1970},
  publisher={Technological University, Dept. of Mathematics},
  pages={5,6,7}
}
@ELECTRONIC{cast-10,
  author = {Position Paper CAST-10 (Certification Authorities Software Team)},
  month = {June},
  year = {2002},
  title = {What is a “Decision” in Application of Modified Condition/Decision Coverage (MC/DC) and Decision Coverage (DC)?},
  url = {http://www.faa.gov/aircraft/air_cert/design_approvals/air_software/cast/cast_papers/media/cast-10.pdf}
}
@techreport{KellyJ.:2001:PTM:886632,
 author = {Kelly J., Hayhurst and Dan S., Veerhusen and John J., Chilenski and Leanna K., Rierson},
 title = {A Practical Tutorial on Modified Condition/Decision Coverage},
 year = {2001},
 source = {http://www.ncstrl.org:8900/ncstrl/servlet/search?formname=detail\&id=oai%3ALTRS%3ANASA-2001-tm210876},
 publisher = {NASA Langley Technical Report Server}
} 
@techreport{chilenski2001investigation,
  title={An investigation of three forms of the modified condition decision coverage criterion},
  author={Chilenski, JJ},
  year={2001},
  institution={Report DOT/FAA/AR-01/18, Federal Aviation Administration, USA}
}
@ELECTRONIC{DO-248B,
  author = {SC-190/EROCAE WG-52},
  month = {October},
  year = {2001},
  title = {Final Annual Report For Clarification Of DO-178B “Software Considerations
	In Airborne Systems And Equipment Certification”},
  organization = {RTCA},
  url = {http://www.rtca.org/onlinecart/product.cfm?id=202}
}
@article{chilenski1994applicability,
  title={Applicability of modified condition/decision coverage to software testing},
  author={Chilenski, J.J. and Miller, S.P.},
  journal={Software Engineering Journal},
  volume={9},
  number={5},
  pages={193--200},
  year={1994},
  publisher={IET}
}
@book{beizer2002software,
  title={Software testing techniques},
  author={Beizer, B.},
  year={2002},
  publisher={Dreamtech Press}
}
@article{andersson2005automatic,
  title={Automatic test vector generation and coverage analysis in model-based software development},
  author={Andersson, J.},
  year={2005},
  publisher={Citeseer}
}
@article{Ntafos:1988:CST:630792.631017,
 author = {Ntafos, S. C.},
 title = {A Comparison of Some Structural Testing Strategies},
 journal = {IEEE Trans. Softw. Eng.},
 volume = {14},
 issue = {6},
 month = {June},
 year = {1988},
 issn = {0098-5589},
 pages = {868--874},
 numpages = {7},
 url = {http://dx.doi.org/10.1109/32.6165},
 doi = {http://dx.doi.org/10.1109/32.6165},
 acmid = {631017},
 publisher = {IEEE Press},
 address = {Piscataway, NJ, USA},
 keywords = {program testing, programming theory, structural testing, structured programming},
} 
@ELECTRONIC{ErlangAbstractSyntax,
  author = {Erlang Run-Time System Application (ERTS) User's Guide- Version 5.8.5},
  title = {The Abstract Format},
  url = {http://www.erlang.org/doc/apps/erts/absform.html}
}
